@book{checkel:1997,
  author = {Jeffrey Checkel},
  year = {1997},
  title = {Ideas and International Political Change: {S}oviet/{R}ussian Behavior and the End of the Cold War},
  publisher = {Yale University Press},
  address = {CT}
}

@book{ries:sweeney,
  editor = {Christine Ries and Richard J. Sweeney},
  pubstate = {forthcoming},
  title = {Capital Controls in Emerging Market Economies},
  publisher = {Westview Press},
  address = {Boulder, CO}
}

@incollection{grieco:1993,
  author = {Joseph Grieco},
  year = {1993},
  title = {Anarchy and the Limits of Cooperation},
  booktitle = {Neorealism and New Liberalism: The Contemporary Debate},
  editor = {David Baldwin},
  pages = {116--42},
  address = {New York},
  publisher = {Columbia University Press}
}

@article{risse:2000,
  author = {Thomas Risse},
  year = {2000},
  title = {``Let's Argue!'': Communicative Action in World Politics},
  journal = {International Organization},
  number = {54},
  volume = {1},
  pages = {1--39}
}

@report{elliot:1994,
  author = {Jean K. Elliot},
  year = {1994},
  title = {Why the {E}uropean {C}ommunity Strengthens the State},
  type = {Working Paper},
  number = {52},
  address = {Cambridge, MA},
  institution = {Center for European Studies, Harvard University}
}

@inproceedings{kilroy:1995,
  author = {Bernadette Kilroy},
  year = {1995},
  month = {8},
  title = {Member-state Control of Judicial Independence},
  booktitle = {97th Annual Meeting of the American Political Science Association},
  address = {San Diego, CA}
}

@misc{ussenate:chemwarfare:1984,
  author = {{US Senate}},
  year = {1984},
  title = {Committee on Foreign Relations. \mkbibemph{Chemical Warfare: Arms Control and Nonproliferation. Joint Hearings Before the Committee on Foreign Relations and the Subcommittee on Energy, Nuclear Proliferation, and Government Processes}}, 
  note = {98th Cong., 2nd sess., 28 June}
}

@report{pauwelyn:2015, 
  author = {Pauwelyn, Joost},
  year = {2015},
  title = {{WTO} Panelists Are from {M}ars, {ICSID} Arbitrators Are from {V}enus: {W}hy? {A}nd Does It Matter?},
  type = {Working Paper},
  url = {http://www.iilj.org/wp-content/uploads/2016/09/PaulwelynIILJColloq2015.pdf},
  urldate = {2017-02-03}
}

@misc{mastanduno:1996,
  howpublished={Unpublished manuscript},
  author = {Michael Mastanduno},
  year = {1996}, 
  title = {Security Engagement and Economic Competition: Realism and {US} Strategy After the {C}old {W}ar},
  institution = {Dartmouth College},
  address = {Hanover, NH}
}

@phdthesis{halimi:1990,
  author = {Serge Halimi},
  year = {1990},
  title = {{S}isyphus Is Tired: The {F}rench Left and the
Exercise of Power, 1924--86},
  school = {University of California, Berkeley}
}